<?xml version="1.0" encoding="utf-8"?>
<record xmlns="http://www.loc.gov/MARC21/slim" xmlns:xsi="http://www.w3.org/2001/XMLSchema-instance" xsi:schemaLocation="http://www.loc.gov/MARC21/slim http://www.loc.gov/standards/marcxml/schema/MARC21slim.xsd">
	<leader>     nam a22        4500</leader>
	<controlfield tag="001">3285081</controlfield>
	<controlfield tag="003">NIC</controlfield>
	<controlfield tag="006">m        d        </controlfield>
	<controlfield tag="007">cr cn |||m|||a</controlfield>
	<controlfield tag="008">160323s1950    ua      o     000 0 arard</controlfield>
	<datafield ind1=" " ind2=" " tag="040">
		<subfield code="a">NNU</subfield>
		<subfield code="b">eng</subfield>
		<subfield code="e">rda</subfield>
		<subfield code="c">NNU</subfield>
	</datafield>
	<datafield ind1=" " ind2="4" tag="050">
		<subfield code="a">BP166.14.H3</subfield>
		<subfield code="b">B350 1950z</subfield>
	</datafield>
	<datafield ind1="1" ind2=" " tag="100">
		<subfield code="6">880-01</subfield>
		<subfield code="a">Baʻlī, ʻAbd al-Raḥmān ibn ʻAbd Allāh,</subfield>
		<subfield code="d">1698 or 1699-1778 or 1779.</subfield>
	</datafield>
	<datafield ind1="1" ind2="0" tag="245">
		<subfield code="6">880-02</subfield>
		<subfield code="a">Kashf al-mukhaddarāt wa-al-riyāḍ al-muzhirāt :</subfield>
		<subfield code="b">sharḥ Akhṣar al-mukhtaṣarāt fī fiqh Aḥmad ibn Ḥanbal al-Shaybānī /</subfield>
		<subfield code="c">ta'līf Zayn al-Dīn ʻAbd al-Raḥmān ibn ʻAbd Allāh ibn Aḥmad al-Baʻlī thumma al-Dimashqī.</subfield>
	</datafield>
	<datafield ind1="3" ind2=" " tag="246">
		<subfield code="6">880-03</subfield>
		<subfield code="a">Akhṣar al-mukhtaṣarāt</subfield>
	</datafield>
	<datafield ind1=" " ind2=" " tag="260">
		<subfield code="6">880-04</subfield>
		<subfield code="a">[Cairo] :</subfield>
		<subfield code="b">al-Maṭbaʻah al-Salafīyah wa-Maktabatuhā,</subfield>
		<subfield code="c">[195-?]</subfield>
	</datafield>
	<datafield ind1=" " ind2=" " tag="300">
		<subfield code="a">online resource (543 pages)</subfield>
	</datafield>
	<datafield ind1=" " ind2=" " tag="336">
		<subfield code="a">text</subfield>
		<subfield code="2">rdacontent</subfield>
	</datafield>
	<datafield ind1=" " ind2=" " tag="337">
		<subfield code="a">computer</subfield>
		<subfield code="2">rdamedia</subfield>
	</datafield>
	<datafield ind1=" " ind2=" " tag="338">
		<subfield code="a">online resource</subfield>
		<subfield code="2">rdacarrier</subfield>
	</datafield>
	<datafield ind1=" " ind2=" " tag="500">
		<subfield code="a">Commentary on Ibn Balabān's Akhṣar al-mukhtaṣarāt which is an abridgment of Ibn Balabān's own Kāfī al-mubtadā' ; text of the former work is included.</subfield>
	</datafield>
	<datafield ind1=" " ind2=" " tag="500">
		<subfield code="a">Part of the Arabic Collections Online (ACO) project, contributed by Cornell University Libraries.</subfield>
	</datafield>
	<datafield ind1=" " ind2=" " tag="533">
		<subfield code="a">Electronic reproduction.</subfield>
		<subfield code="b">New York, N.Y. :</subfield>
		<subfield code="c">New York University,</subfield>
		<subfield code="d">2016.</subfield>
		<subfield code="5">NNU</subfield>
	</datafield>
	<datafield ind1="1" ind2="0" tag="600">
		<subfield code="6">880-05</subfield>
		<subfield code="a">Ibn Balabān, Muḥammad ibn Badr al-Dīn,</subfield>
		<subfield code="d">1597 or 1598-1672 or 1673.</subfield>
		<subfield code="t">Kāfī al-mubtadā'.</subfield>
	</datafield>
	<datafield ind1="1" ind2="0" tag="600">
		<subfield code="6">880-06</subfield>
		<subfield code="a">Ibn Balabān, Muḥammad ibn Badr al-Dīn,</subfield>
		<subfield code="d">1597 or 1598-1672 or 1673.</subfield>
		<subfield code="t">Akhṣar al-mukhtaṣarāt.</subfield>
	</datafield>
	<datafield ind1=" " ind2="0" tag="650">
		<subfield code="a">Islamic law.</subfield>
	</datafield>
	<datafield ind1=" " ind2="0" tag="650">
		<subfield code="a">Hanbalites.</subfield>
	</datafield>
	<datafield ind1="1" ind2=" " tag="700">
		<subfield code="6">880-07</subfield>
		<subfield code="a">Ibn Balabān, Muḥammad ibn Badr al-Dīn,</subfield>
		<subfield code="d">1597 or 1598-1672 or 1673.</subfield>
		<subfield code="t">Akhṣar al-mukhtaṣarāt.</subfield>
	</datafield>
	<datafield ind1="2" ind2=" " tag="710">
		<subfield code="a">Cornell University.</subfield>
		<subfield code="b">Libraries.</subfield>
	</datafield>
	<datafield ind1="0" ind2=" " tag="730">
		<subfield code="a">Arabic Collections Online.</subfield>
	</datafield>
	<datafield ind1="0" ind2=" " tag="740">
		<subfield code="6">880-08</subfield>
		<subfield code="a">Akhṣar al-mukhtaṣarāt</subfield>
	</datafield>
	<datafield ind1="0" ind2="8" tag="776">
		<subfield code="i">Online version:</subfield>
		<subfield code="a">Baʻlī, ʻAbd al-Raḥmān ibn ʻAbd Allāh, 1698 or 9-1778 or 9.</subfield>
		<subfield code="t">Kashf al-mukhaddarāt wa-al-riyāḍ al-muzhirāt.</subfield>
		<subfield code="d">[Cairo] : al-Maṭbaʻah al-Salafīyah wa-Maktabatuhā, [195-?]</subfield>
		<subfield code="w">(OCoLC)651553614</subfield>
	</datafield>
	<datafield ind1="0" ind2="8" tag="776">
		<subfield code="i">Print version:</subfield>
		<subfield code="a">Baʻlī, ʻAbd al-Raḥmān ibn ʻAbd Allāh, 1698 or 1699-1778 or 1779.</subfield>
		<subfield code="t">Kashf al-mukhaddarāt wa-al-riyāḍ al-muzhirāt</subfield>
		<subfield code="w">(NIC)3285081</subfield>
		<subfield code="w">(DLC)ne 65000916 </subfield>
		<subfield code="w">(OCoLC)9921731</subfield>
	</datafield>
	<datafield ind1="4" ind2="0" tag="856">
		<subfield code="u">http://hdl.handle.net/2333.1/pvmcvhzz</subfield>
	</datafield>
	<datafield ind1="1" ind2=" " tag="880">
		<subfield code="6">100-01/r</subfield>
		<subfield code="a">بعلي، عبد الرحمن بن عبد الله،</subfield>
		<subfield code="d">1698 or 1699-1778 or 1779.</subfield>
	</datafield>
	<datafield ind1="1" ind2="0" tag="880">
		<subfield code="6">245-02/r</subfield>
		<subfield code="a">كشف المخدرات والرياض المزهرات :</subfield>
		<subfield code="b">شرح أخصر المختصرات في فقه أحمد بن حنبل الشيباني /</subfield>
		<subfield code="c">تأليف زين الدين عبد الرحمن بن عبد الله بن أحمد البعلي ثم الدمشقي.</subfield>
	</datafield>
	<datafield ind1="3" ind2=" " tag="880">
		<subfield code="6">246-03/r</subfield>
		<subfield code="a">اخصر المختصرات </subfield>
	</datafield>
	<datafield ind1=" " ind2=" " tag="880">
		<subfield code="6">260-04/r</subfield>
		<subfield code="a">[القاهرة] :</subfield>
		<subfield code="b">المطبعة السلفية ومكتبتها،</subfield>
		<subfield code="c">[195-؟]</subfield>
	</datafield>
	<datafield ind1="1" ind2="4" tag="880">
		<subfield code="6">600-05/r</subfield>
		<subfield code="a">ابن بلبان، محمد بن بدر الدين،,</subfield>
		<subfield code="d">1597 or 1598-1672 or 1673.</subfield>
		<subfield code="t">كافي المبتدا'</subfield>
	</datafield>
	<datafield ind1="1" ind2="4" tag="880">
		<subfield code="6">600-06/r</subfield>
		<subfield code="a">ابن بلبان، محمد بن بدر الدين،,</subfield>
		<subfield code="d">1597 or 1598-1672 or 1673.</subfield>
		<subfield code="t">اخصر المختصرات.</subfield>
	</datafield>
	<datafield ind1="1" ind2=" " tag="880">
		<subfield code="6">700-07/r</subfield>
		<subfield code="a">ابن بلبان، محمد بن بدر الدين،,</subfield>
		<subfield code="d">1597 or 1598-1672 or 1673.</subfield>
		<subfield code="t">اخصر المختصرات.</subfield>
	</datafield>
	<datafield ind1="0" ind2=" " tag="880">
		<subfield code="6">740-08/r</subfield>
		<subfield code="a">أخصر المختصرات.</subfield>
	</datafield>
	<datafield ind1=" " ind2=" " tag="959">
		<subfield code="a">NNU</subfield>
		<subfield code="b">WEB</subfield>
		<subfield code="c">GENI</subfield>
		<subfield code="t">0</subfield>
		<subfield code="m">Electronic access</subfield>
		<subfield code="s">01</subfield>
	</datafield>
	<datafield ind1=" " ind2=" " tag="999">
		<subfield code="i">NIC_3285081</subfield>
		<subfield code="o">(OCoLC)ocm09921731</subfield>
		<subfield code="s">cornell_aco000530</subfield>
		<subfield code="e">(ERROR-880)</subfield>
		<subfield code="s">cornell_aco000530</subfield>
	</datafield>
</record>
